@book{label,
author={},
title={},
year={},
publisher={}
}
